@BOOK{Yakovlev,
	author = {Яковлев Г.Н.},
	title = {Лекции по математическому анализу},
	year = {2001}
}

@BOOK{Karasev,
	author = {Карасев Р.Н.},
	title = {Отдельные темы математического анализа},
	note = {\\\texttt{rkarasev.ru/common/upload/an\_explanations.pdf}}
}

@BOOK{Kozhevnikov,
	author = {Кожевников П.А.},
	title = {Введение в линейную алгебру},
	note = {\\\texttt{mipt.ru/education/chair/mathematics/study/uchebniki/lekcii\_lin.pdf}}
}
